<record><leader>00000cas a22000007a 4500</leader><controlfield tag="001">33274163</controlfield><controlfield tag="008">951011d1912191uokuwr n       0    0eng d</controlfield><datafield ind1=" " ind2=" " tag="010"><subfield code="a">sn 95076184 </subfield></datafield><datafield ind1=" " ind2=" " tag="040"><subfield code="a">OBN</subfield><subfield code="b">eng</subfield><subfield code="c">OBN</subfield><subfield code="d">OCLCQ</subfield><subfield code="d">OCLCF</subfield><subfield code="d">OCLCO</subfield></datafield><datafield ind1="1" ind2=" " tag="029"><subfield code="a">AU@</subfield><subfield code="b">000025855828</subfield></datafield><datafield ind1=" " ind2=" " tag="042"><subfield code="a">msc</subfield></datafield><datafield ind1=" " ind2=" " tag="043"><subfield code="a">n-us-ok</subfield></datafield><datafield ind1="0" ind2=" " tag="130"><subfield code="a">Muskogee weekly press (Muskogee, Okla. : 1912)</subfield></datafield><datafield ind1="1" ind2="0" tag="245"><subfield code="a">Muskogee weekly press.</subfield></datafield><datafield ind1=" " ind2=" " tag="260"><subfield code="a">Muskogee, Okla. :</subfield><subfield code="b">Press Pub. Co.</subfield></datafield><datafield ind1=" " ind2=" " tag="300"><subfield code="a">v.</subfield></datafield><datafield ind1=" " ind2=" " tag="310"><subfield code="a">Weekly</subfield></datafield><datafield ind1="0" ind2=" " tag="362"><subfield code="a">Vol. 21, no. 1 (Nov. 7, 1912)-</subfield></datafield><datafield ind1=" " ind2=" " tag="588"><subfield code="a">Description based on: Vol. 21, no. 1 (Nov. 7, 1912).</subfield></datafield><datafield ind1=" " ind2="0" tag="651"><subfield code="a">Muskogee (Okla.)</subfield><subfield code="v">Newspapers.</subfield></datafield><datafield ind1=" " ind2="0" tag="651"><subfield code="a">Muskogee County (Okla.)</subfield><subfield code="v">Newspapers.</subfield></datafield><datafield ind1=" " ind2="7" tag="655"><subfield code="a">Newspapers.</subfield><subfield code="2">fast</subfield><subfield code="0">(OCoLC)fst01423814</subfield></datafield><datafield ind1=" " ind2="7" tag="651"><subfield code="a">Oklahoma</subfield><subfield code="z">Muskogee.</subfield><subfield code="2">fast</subfield><subfield code="0">(OCoLC)fst01218306</subfield></datafield><datafield ind1=" " ind2="7" tag="651"><subfield code="a">Oklahoma</subfield><subfield code="z">Muskogee County.</subfield><subfield code="2">fast</subfield><subfield code="0">(OCoLC)fst01218307</subfield></datafield><datafield ind1=" " ind2=" " tag="752"><subfield code="a">United States</subfield><subfield code="b">Oklahoma</subfield><subfield code="c">Muskogee</subfield><subfield code="d">Muskogee.</subfield></datafield><datafield ind1="1" ind2=" " tag="775"><subfield code="t">Muskogee daily press</subfield><subfield code="w">(DLC)sn 83025069</subfield><subfield code="w">(OCoLC)9230127</subfield></datafield></record>